@article {MR3396077,
    AUTHOR = {P{\'e}rez-Garc{\'{\i}}a, V{\'{\i}}ctor M. and Bogdanska,
              Magdalena and Mart{\'{\i}}nez-Gonz{\'a}lez, Alicia and
              Belmonte-Beitia, Juan and Schucht, Philippe and
              P{\'e}rez-Romasanta, Luis A.},
     TITLE = {Delay effects in the response of low-grade gliomas to
              radiotherapy: a mathematical model and its therapeutical
              implications},
   JOURNAL = {Math. Med. Biol.},
  FJOURNAL = {Mathematical Medicine and Biology. A Journal of the IMA},
    VOLUME = {32},
      YEAR = {2015},
    NUMBER = {3},
     PAGES = {307--329},
      ISSN = {1477-8599},
   MRCLASS = {92C50},
  MRNUMBER = {3396077},
       DOI = {10.1093/imammb/dqu009},
       URL = {http://dx.doi.org/10.1093/imammb/dqu009},
}